@Book{knuth:84,
  author = 	 {Donald E. Knuth},
  title = 	 {The {\TeX} Book},
  publisher = 	 {Addison-Wesley},
  year = 	 {1984},
  edition = 	 {15th}
}

@InCollection{boulic:91,
  author = 	 {R. Boulic and O. Renault},
  title = 	 {3D Hierarchies for Animation},
  booktitle = 	 {New Trends in Animation and Visualization},
  publisher =    {John Wiley {\&} Sons ltd.},
  year = 	 {1991},
  editor = 	 {Nadia Magnenat-Thalmann and Daniel Thalmann}
}

@InCollection{smith:99,
  author = 	 {A. Smith and B. Jones},
  title = 	 {On the Complexity of Computing},
  booktitle = 	 {Advances in Computer Science},
  pages = 	 {555--566},
  publisher =    {Publishing Press},
  year = 	 {1999},
  editor = 	 {A. B. Smith-Jones}
}

@article{williams2008plays,
  title={Who plays, how much, and why? Debunking the stereotypical gamer profile},
  author={Williams, Dmitri and Yee, Nick and Caplan, Scott E},
  journal={Journal of computer-mediated communication},
  volume={13},
  number={4},
  pages={993--1018},
  year={2008},
  publisher={Oxford University Press Oxford, UK}
}

@article{kowert2014unpopular,
  title={Unpopular, overweight, and socially inept: Reconsidering the stereotype of online gamers},
  author={Kowert, Rachel and Festl, Ruth and Quandt, Thorsten},
  journal={Cyberpsychology, Behavior, and Social Networking},
  volume={17},
  number={3},
  pages={141--146},
  year={2014},
  publisher={Mary Ann Liebert, Inc. 140 Huguenot Street, 3rd Floor New Rochelle, NY 10801 USA}
}

@article{griffiths2003breaking,
  title={Breaking the stereotype: The case of online gaming},
  author={Griffiths, Mark D and Davies, Mark NO and Chappell, Darren},
  journal={CyberPsychology \& behavior},
  volume={6},
  number={1},
  pages={81--91},
  year={2003},
  publisher={Mary Ann Liebert, Inc.}
}

@article{yee2006demographics,
  title={The demographics, motivations, and derived experiences of users of massively multi-user online graphical environments},
  author={Yee, Nick},
  journal={Presence: Teleoperators and virtual environments},
  volume={15},
  number={3},
  pages={309--329},
  year={2006},
  publisher={MIT Press}
}

@article{yee2006motivations,
  title={Motivations for play in online games},
  author={Yee, Nick},
  journal={CyberPsychology \& behavior},
  volume={9},
  number={6},
  pages={772--775},
  year={2006},
  publisher={Mary Ann Liebert, Inc. 2 Madison Avenue Larchmont, NY 10538 USA}
}

@inproceedings{li2019statistical,
  title={A statistical analysis of Steam user profiles towards personalized gamification},
  author={Li, Xiaozhou and Lu, Chien and Peltonen, Jaakko and Zhang, Zheying},
  booktitle={3rd International GamiFIN Conference, GamiFIN 2019},
  year={2019},
  organization={CEUR-WS}
}

@article{lin2019empirical,
  title={An empirical study of game reviews on the Steam platform},
  author={Lin, Dayi and Bezemer, Cor-Paul and Zou, Ying and Hassan, Ahmed E},
  journal={Empirical Software Engineering},
  volume={24},
  number={1},
  pages={170--207},
  year={2019},
  publisher={Springer}
}

@article{lin2017studying,
  title={Studying the urgent updates of popular games on the Steam platform},
  author={Lin, Dayi and Bezemer, Cor-Paul and Hassan, Ahmed E},
  journal={Empirical Software Engineering},
  volume={22},
  number={4},
  pages={2095--2126},
  year={2017},
  publisher={Springer}
}

@article{lin2018empirical,
  title={An empirical study of early access games on the Steam platform},
  author={Lin, Dayi and Bezemer, Cor-Paul and Hassan, Ahmed E},
  journal={Empirical Software Engineering},
  volume={23},
  number={2},
  pages={771--799},
  year={2018},
  publisher={Springer}
}

@inproceedings{bertens2018machine,
  title={A machine-learning item recommendation system for video games},
  author={Bertens, Paul and Guitart, Anna and Chen, Pei Pei and Perianez, Africa},
  booktitle={2018 IEEE Conference on Computational Intelligence and Games (CIG)},
  pages={1--4},
  year={2018},
  organization={IEEE}
}

@inproceedings{sifa2014playtime,
  title={The Playtime Principle: Large-scale cross-games interest modeling},
  author={Sifa, Rafet and Bauckhage, Christian and Drachen, Anders},
  booktitle={2014 IEEE conference on computational intelligence and games},
  pages={1--8},
  year={2014},
  organization={IEEE}
}

@inproceedings{sifa2015large,
  title={Large-scale cross-game player behavior analysis on steam},
  author={Sifa, Rafet and Drachen, Anders and Bauckhage, Christian},
  booktitle={Proceedings of the AAAI Conference on Artificial Intelligence and Interactive Digital Entertainment},
  volume={11},
  number={1},
  year={2015}
}

@article{baumann2018hardcore,
  title={Hardcore Gamer Profiling: Results from an unsupervised learning approach to playing behavior on the Steam platform},
  author={Baumann, Florian and Emmert, Dominik and Baumgartl, Hermann and Buettner, Ricardo},
  journal={Procedia Computer Science},
  volume={126},
  pages={1289--1297},
  year={2018},
  publisher={Elsevier}
}

@article{blackburn2011cheaters,
  title={Cheaters in the Steam community gaming social network},
  author={Blackburn, Jeremy and Simha, Ramanuja and Kourtellis, Nicolas and Zuo, Xiang and Long, Clayton and Ripeanu, Matei and Skvoretz, John and Iamnitchi, Adriana},
  journal={arXiv preprint arXiv:1112.4915},
  year={2011}
}

@inproceedings{o2016condensing,
  title={Condensing steam: Distilling the diversity of gamer behavior},
  author={O'Neill, Mark and Vaziripour, Elham and Wu, Justin and Zappala, Daniel},
  booktitle={Proceedings of the 2016 internet measurement conference},
  pages={81--95},
  year={2016}
}

@inproceedings{becker2012analysis,
  title={An analysis of the steam community network evolution},
  author={Becker, Roi and Chernihov, Yifat and Shavitt, Yuval and Zilberman, Noa},
  booktitle={2012 IEEE 27th Convention of Electrical and Electronics Engineers in Israel},
  pages={1--5},
  year={2012},
  organization={IEEE}
}
